@article{Suresh2014,
author = {Suresh I. S. Rattan},
title = {Aging Is Not a Disease: Implications for Intervention},
publisher = {Aging and disease},
year = {2014},
journal = {Aging and disease},
volume = {5},
number = {3},
eid = {196},
numpages = {6},
pages = {196},
keywords = {longevity;stress;homeostasis;homeodynamics;hormetics;hormesis;hormetin},
doi = {10.14336/AD.2014.0500196},
note = {\par\url{https://www.ncbi.nlm.nih.gov/pmc/articles/PMC4037311/}}
}

@article{Chandra2011,
author = {Chandra Nath Saha1, Sanjib Bhattacharya},
title = {Intellectual property rights: An overview and implications in pharmaceutical industry},
publisher = {Journal of Advanced Pharmaceutical Technology \& Research},
year = {2011},
journal = {Journal of Advanced Pharmaceutical Technology \& Research},
volume = {2},
number = {2},
eid = {196},
numpages = {6},
pages = {88-93},
doi = {10.4103/2231-4040.82952},
note = {\par\url{https://www.japtr.org/article.asp?issn=2231-4040;year=2011;volume=2;issue=2;spage=88;epage=93;aulast=Saha}}
}

@article{Wouters2020,
author = {Wouters, Olivier J. and McKee, Martin and Luyten, Jeroen},
title = {Estimated Research and Development Investment Needed to Bring a New Medicine to Market, 2009-2018},
journal = {JAMA},
volume = {323},
number = {9},
pages = {844-853},
year = {2020},
month = {03},
issn = {0098-7484},
doi = {10.1001/jama.2020.1166},
note = {\par\url{https://jamanetwork.com/journals/jama/fullarticle/2762311}}
}

@Article{Ali-Khan2017,
author = {Ali-Khan, Sarah E and Harris, Liam W and Gold, E Richard},
title = {Point of view: Motivating participation in open science by examining researcher incentives},
journal = {eLife},
year = {2017},
doi = {10.7554/eLife.29319},
note = {\par\url{https://elifesciences.org/articles/29319}}
}

@online{Rowley2018,
author = {Rowley, Jason D.},
title = {Venture Capital Guide: Who Gets To Invest In Startups?},
year = {2020},
organization = {crunchbase news},
urldate = {2018-10-31},
note = {\par\url{https://news.crunchbase.com/news/venture-capital-guide-who-gets-to-invest-in-startups/}}
}

% This replaces the summary article by Mullard (reference below)
@article{DiMasi2016,
author = {DiMasi, Joseph A. and Grabowski, Henry G. and Hansen, Ronald W.},
title = {Innovation in the pharmaceutical industry: New estimates of R\&D costs},
year = {2016},
journal = {Journal of Health Economics},
volume = {47},
numpages = {14},
pages = {20-33},
doi = {10.1016/J.JHEALECO.2016.01.012},
note = {\par\url{https://www.semanticscholar.org/paper/Innovation-in-the-pharmaceutical-industry%3A-New-of-DiMasi-Grabowski/3275f31c072ac11c6ca7a5260bd535720f07df41}}
}

@online{Mullard2014,
author = {Mullard, Asher},
title = {Trends in Drug Development: Improving ROI on R\&D},
year = {2014},
organization = {Nature Reviews Drug Discovery},
urldate = {2014-12-01},
note = {\par\url{https://www.nature.com/articles/nrd4507}}
}

@online{Bookbinder2020,
author = {Bookbinder, Maxine},
title = {Trends in Drug Development: Improving ROI on R\&D},
year = {2020},
organization = {Clinical Research News},
urldate = {2020-03-05},
note = {\par\url{https://www.clinicalresearchnewsonline.com/news/2020/03/05/trends-in-drug-development-improving-roi-on-r-d}}
}

@article{Sherkow2017,
author = {Sherkow, Jacob S.},
title = {Patent Law’s Reproducibility Paradox},
publisher = {Duke Law Journal },
year = {2017},
journal = {Duke Law Journal },
volume = {66},
numpages = {6},
pages = {845-911},
note = {\par\url{https://scholarship.law.duke.edu/dlj/vol66/iss4/2/}}
}

% went directly to the source for this, since it was a government publication
@InCollection{Toole2004,
author = {Toole,Andrew A. and Naseem, Anwar},
title = {Leveraging Public Investments with Private Sector Partnerships: A Review of the Economics Literature},
booktitle = {Strategies to Leverage Research Funding: Guiding DOD's Peer Reviewed Medical Research Programs},
pages = {141-170},
publisher = {National Academies Press},
year = {2004},
editor = {McGeary, M and Hanna, KE},
note = {\par\url{https://www.nap.edu/catalog/11089/strategies-to-leverage-research-funding-guiding-dods-peer-reviewed-medical}}
}

@article{Huang2021,
author = {Huang, Samuel and Siah, Kien Wei and Vasileva, Detelina and Chen, Shirley and Nelsen, Lita and Lo, Andrew W.},
title = {Life sciences intellectual property licensing at the Massachusetts Institute of Technology},
journal = {Nature Biotechnology},
volume = {39},
pages = {293–301},
year = {2021},
month = {03},
doi = {10.1038/s41587-021-00843-5},
note = {\par\url{https://www.nature.com/articles/s41587-021-00843-5}}
}

@article{Seyhan2019,
author = {Seyhan, Attila A.},
title = {Lost in translation: the valley of death across preclinical and clinical divide – identification of problems and overcoming obstacles},
journal = {Translational Medicine Communications},
volume = {4},
number = {18},
year = {2019},
month = {11},
doi = {10.1186/s41231-019-0050-7},
note = {\par\url{https://transmedcomms.biomedcentral.com/articles/10.1186/s41231-019-0050-7}}
}

@TechReport{WHO2011,
author = {WHO},
title = {Global Health and Aging},
institution = {World Health Organization},
year = {2011},
month = {10},
note = {\par\url{https://www.who.int/ageing/publications/global\_health/en/}}
}

@article {ARDD2020,
author = {Scheibye-Knudsen, Morten and Mkrtchyan, Garik V. and Abdelmohsen, Kotb and Andreux, Pénélope and Bagdonaite, Ieva and Barzilai, Nir and Brunak, Søren and Cabreiro, Filipe and de Cabo, Rafael and Campisi, Judith and Cuervo, Ana Maria and Demaria, Marco and Ewald, Collin Y. and Fang, Evandro Fei and Faragher, Richard and Ferrucci, Luigi and Freund, Adam and Silva-Garc\'{i}a, Carlos G. and Georgievskaya, Anastasia and Gladyshev, Vadim N. and Glass, David J. and Gorbunova, Vera and de Grey, Aubrey and He, Wei-Wu and Hoeijmakers, Jan and Hoffmann, Eva and Horvath, Steve and Houtkooper, Riekelt H. and Jensen, Majken K. and Jensen, Martin Borch and Kane, Alice and Kassem, Moustapha and de Keizer, Peter and Kennedy, Brian and Karsenty, Gerard and Lamming, Dudley W. and Lee, Kai-Fu and MacAulay, Nanna and Mamoshina, Polina and Mellon, Jim and Molenaars, Marte and Moskalev, Alexey and Mund, Andreas and Niedernhofer, Laura and Osborne, Brenna and Pak, Heidi H. and Parkhitko, Andrey and Raimundo, Nuno and Rando, Thomas A. and Rasmussen, Lene Juel and Reis, Carolina and Riedel, Christian G. and Franco-Romero, Anais and Schumacher, Bj\"{o}rn and Sinclair, David A. and Suh, Yousin and Taub, Pam R. and Toiber, Debra and Treebak, Jonas T. and Valenzano, Dario Riccardo and Verdin, Eric and Vijg, Jan and Young, Sergey and Zhang, Lei and Bakula, Daniela and Zhavoronkov, Alex},
title = {ARDD 2020: from aging mechanisms to interventions},
journal = {Aging},
volume = {12},
number = {24},
publisher = {Impact Journals, LLC},
issn = {1945-4589},
doi = {10.18632/aging.202454},
pages = {24484-24503},
year = {2020},
note = {\par\url{https://www.aging-us.com/article/202454/text}}
}

@online{Pfleger2021,
author = {Pfleger, Karl},
title = {Aging Biotech Info},
year = {2021},
note = {\par\url{https://agingbiotech.info/}}
}

@online{Ocean2021,
author = {{Ocean Protocol Foundation}},
title = {Ocean Marketplace},
year = {2021},
note = {\par\url{https://oceanprotocol.com/technology/marketplaces}}
}

@online{Balancer2021,
author = {{Balancer}},
title = {Balancer Liquidity Bootstrapping Pools},
year = {2021},
note = {\par\url{https://balancer.gitbook.io/balancer/guides/smart-pool-templates-gui/liquidity-bootstrapping-pool}}
}

@online{OpenLaw2019,
author = {{OpenLaw}},
title = {OpenLaw Signature Algorithm},
year = {2019},
note = {\par\url{https://docs.openlaw.io/sign-store/\#openlaw-signature-algorithm}}
}

@TechReport{Ihle2017,
  author={Ihle, Dorothee and Siebert-Meyerhoff, Andrea},
  title={{The older, the richer? A decomposition of wealth inequality by age subgroups}},
  year=2017,
  institution={University of Münster, Center of Applied Economic Research Münster (CAWM)},
  type={CAWM Discussion Papers},
  note={\par\url{https://www.econstor.eu/handle/10419/170712}},
  number={97}
}

@online{EIP-721,
author = {Entriken, William and Shirley, Dieter and Evans, Jacob and Sachs, Nastassia},
title = {ERC-721 Non-Fungible Token Standard},
year = {2018},
note = {\par\url{https://eips.ethereum.org/EIPS/eip-721}}
}

@online{EIP-1155,
author = {Radomski, Witek and Cooke, Andrew and Castonguay, Philippe and James Therien, James and Eric Binet, Eric and Sandford, Ronan},
title = {ERC-1155 Multi Token Standard},
year = {2018},
note = {\par\url{https://eips.ethereum.org/EIPS/eip-1155}}
}

@online{Web3Sustain,
author = {McConaghy, Trent},
title = {The Web3 Sustainability Loop},
year = {2020},
note = {\par\url{https://blog.oceanprotocol.com/the-web3-sustainability-loop-b2a4097a36e}}
}

@online{Arweave,
author = {Williams, Samuel and Jones Williams},
title = {Arweave Lightpaper},
year = {2018},
note = {\par\url{https://www.arweave.org/files/arweave-lightpaper.pdf}}
}

@online{IPFS,
author = {Benet, Juan},
title = {IPFS - Content Addressed, Versioned, P2P File System (DRAFT 3)},
year = {2018},
note = {\par\url{https://www.arweave.org/files/arweave-lightpaper.pdf}}
}

@online{Kohlhaas,
author = {Kohlhaas, Paul},
title = {An Open Bazaar for Drug Development: Molecule Protocol},
year = {2021},
note = {\par\url{https://medium.com/molecule-blog/an-open-bazaar-for-drug-development-molecule-protocol-a47978dd914}}
}

@article{BatchAuctions,
Author = {Budish, Eric and Cramton, Peter and Shim, John},
Title = {Implementation Details for Frequent Batch Auctions: Slowing Down Markets to the Blink of an Eye},
Journal = {American Economic Review},
Volume = {104},
Number = {5},
Year = {2014},
Month = {January},
Pages = {418-24},
DOI = {10.1257/aer.104.5.418},
note = {\par\url{https://www.aeaweb.org/articles?id=10.1257/aer.104.5.418}}
}

@article{PriceBio,
Author = {Stewart, J. and Allison, P. and Johnson, R.},
Title = {Putting a price on biotechnology},
Journal = {Nat Biotechnol},
Volume = {19},
Year = {2001},
DOI = {10.1038/nbt0901-813},
note = {\par\url{https://www.nature.com/articles/nbt0901-813}}
}

@article{BlackBox,
author = {Hu, Yuanjia and Bian, Ying and Wang, Yitao},
year = {2008},
month = {11},
pages = {561-568},
title = {Opening the Black Box of Pharmaceutical Patent Value: An Empirical Analysis},
volume = {42},
journal = {Drug Information Journal - DRUG INF J},
doi = {10.1177/009286150804200605},
note = {\par\url{https://www.researchgate.net/publication/254087781_Opening_the_Black_Box_of_Pharmaceutical_Patent_Value_An_Empirical_Analysis}}
}